<?xml version="1.0" encoding="UTF-8"?><record xmlns="http://www.loc.gov/MARC21/slim" xmlns:cinclude="http://apache.org/cocoon/include/1.0" xmlns:zs="http://www.loc.gov/zing/srw/">
  <leader>00787nz  a2200193n  4500</leader>
  <controlfield tag="001">no2015074683</controlfield>
  <controlfield tag="003">DLC</controlfield>
  <controlfield tag="005">20150606073604.0</controlfield>
  <controlfield tag="008">150605n| azannaabn          |b aaa     c</controlfield>
  <datafield tag="010" ind1=" " ind2=" ">
    <subfield code="a">no2015074683</subfield>
  </datafield>
  <datafield tag="035" ind1=" " ind2=" ">
    <subfield code="a">(OCoLC)oca10185000</subfield>
  </datafield>
  <datafield tag="040" ind1=" " ind2=" ">
    <subfield code="a">NjP</subfield>
    <subfield code="b">eng</subfield>
    <subfield code="e">rda</subfield>
    <subfield code="c">NjP</subfield>
  </datafield>
  <datafield tag="100" ind1="1" ind2=" ">
    <subfield code="a">Ghuṣaynī, Raʼūf</subfield>
  </datafield>
  <datafield tag="375" ind1=" " ind2=" ">
    <subfield code="a">male</subfield>
  </datafield>
  <datafield tag="377" ind1=" " ind2=" ">
    <subfield code="a">ara</subfield>
  </datafield>
  <datafield tag="400" ind1="1" ind2=" ">
    <subfield code="a">غصيني، رؤوف</subfield>
  </datafield>
  <datafield tag="400" ind1="1" ind2=" ">
    <subfield code="a">Ghusayni, Raouf</subfield>
  </datafield>
  <datafield tag="667" ind1=" " ind2=" ">
    <subfield code="a">Non-Latin script reference not evaluated.</subfield>
  </datafield>
  <datafield tag="670" ind1=" " ind2=" ">
    <subfield code="a">Hayʼah al-Lubnānīyah lil-ʻUlūm al-Tarbawīyah. Muʼtamar al-Tarbawī (3rd : 2011 : Beirut, Lebanon). Taʻallum māddat al-tārīkh wa-taʻlīmuhā, durūs min Lubnān wa-li-Lubnān, 2012:</subfield>
    <subfield code="b">title page (رؤوف الغصيني = Raʼūf al-Ghuṣaynī) added title page (Raouf Ghusayni [in rom.])</subfield>
  </datafield>
</record>